@Article{Enkovaara2010,
  author    = {J Enkovaara and C Rostgaard and J J Mortensen and J Chen and M Du{\l}ak and L Ferrighi and J Gavnholt and C Glinsvad and V Haikola and H A Hansen and H H Kristoffersen and M Kuisma and A H Larsen and L Lehtovaara and M Ljungberg and O Lopez-Acevedo and P G Moses and J Ojanen and T Olsen and V Petzold and N A Romero and J Stausholm-M{\o}ller and M Strange and G A Tritsaris and M Vanin and M Walter and B Hammer and H Häkkinen and G K H Madsen and R M Nieminen and J K N{\o}rskov and M Puska and T T Rantala and J Schi{\o}tz and K S Thygesen and K W Jacobsen},
  title     = {Electronic structure calculations with {GPAW}: a real-space implementation of the projector augmented-wave method},
  journal   = {Journal of Physics: Condensed Matter},
  year      = {2010},
  volume    = {22},
  number    = {25},
  pages     = {253202},
  month     = {jun},
  doi       = {10.1088/0953-8984/22/25/253202},
  publisher = {{IOP} Publishing},
}

@article{altschul1997gapped,
  title={Gapped BLAST and PSI-BLAST: a new generation of protein database search programs},
  author={Altschul, Stephen F and Madden, Thomas L and Sch{\"a}ffer, Alejandro A and Zhang, Jinghui and Zhang, Zheng and Miller, Webb and Lipman, David J},
  journal={Nucleic acids research},
  volume={25},
  number={17},
  pages={3389--3402},
  year={1997},
  publisher={Oxford Univ Press}
}

@article{baker2007novel,
  title={A novel linear plasmid mediates flagellar variation in Salmonella Typhi},
  author={Baker, Stephen and Hardy, Jonathan and Sanderson, Kenneth E and Quail, Michael and Goodhead, Ian and Kingsley, Robert A and Parkhill, Julian and Stocker, Bruce and Dougan, Gordon},
  journal={PLoS Pathog},
  volume={3},
  number={5},
  pages={e59},
  year={2007},
  publisher={Public Library of Science}
}
@online{wetterstrand2016,
  title={DNA Sequencing Costs: Data from the \uppercase{NHGRI} Genome Sequencing Program (\uppercase{GSP})},
  author={Wetterstrand, K A},
  year={2016},
  url={www.genome.gov/sequencingcosts}
}


@Article{Catlow2008,
  author    = {Catlow, C. Richard A. and French, Samuel A. and Sokol, Alexey A. and Al-Sunaidi, Abdullah A. and Woodley, Scott M.},
  title     = {Zinc oxide: A case study in contemporary computational solid state chemistry},
  journal   = {Journal of Computational Chemistry},
  year      = {2008},
  volume    = {29},
  pages     = {2234--2249},
  month     = oct,
  issue     = {13},
  msbib-day = {1},
  publisher = {John Wiley \& Sons, Ltd},
}

@Article{Sahu2010,
  author  = {Sahu, Dojalisa and Acharya, B. S. and Bag, B. P. and Singh, Th Basanta and Gartia, R. K.},
  title   = {Probing the surface states in nano ZnO powder synthesized by sonication method: Photo and thermo-luminescence studies},
  journal = {Journal of Luminescence},
  year    = {2010},
  volume  = {130},
  pages   = {1371--1378},
  month   = aug,
  issue   = {8},
}

@Article{Wander2000,
  author    = {Wander, A. and Harrison, N. M.},
  title     = {Ab initio study of ZnO (101̄0)},
  journal   = {Surface Science},
  year      = {2000},
  volume    = {457},
  pages     = {L342-L346},
  month     = jun,
  issue     = {1},
  msbib-day = {1},
  publisher = {Elsevier Science B.V.},
}

@Article{Prades2009,
  author    = {Prades, J. D. and Cirera, A. and Morante, J. R.},
  title     = {Ab initio calculations of NO2 and SO2 chemisorption onto non-polar ZnO surfaces},
  journal   = {Sensors and Actuators, B: Chemical},
  year      = {2009},
  volume    = {142},
  pages     = {179--184},
  month     = oct,
  issue     = {1},
  msbib-day = {12},
  publisher = {Elsevier},
}
{hu-lv-2011-theoretical-study-of-zno(1-0-1̄-0)-and-m/zno(1-0-1̄-0)-(m-=-cu,-ag-and-au)-surfaces-with-dft-approach,
  author    = {Hu, Haiquan and Lv, Zengtao and Cui, Shouxin and Zhang, Guiqing},
  title     = {Theoretical study of ZnO(1 0 1̄ 0) and M/ZnO(1 0 1̄ 0) (M = Cu, Ag and Au) surfaces with DFT approach},
  journal   = {Chemical Physics Letters},
  year      = {2011},
  volume    = {510},
  pages     = {99--103},
  month     = jun,
  issue     = {1-3},
  msbib-day = {24},
  publisher = {North-Holland},
}

@Misc{Woell2007,
  author    = {Wöll, Christof},
  title     = {The chemistry and physics of zinc oxide surfaces},
  month     = jan,
  year      = {2007},
  issue     = {2-3},
  msbib-day = {1},
  pages     = {55--120},
  publisher = {Pergamon},
  volume    = {82},
}

@Article{Supatutkul2016,
  author    = {Supatutkul, C. and Pramchu, S. and Jaroenjittichai, A. P. and Laosiritaworn, Y.},
  title     = {Density functional theory investigation of surface defects in Sn-doped ZnO},
  journal   = {Surface and Coatings Technology},
  year      = {2016},
  volume    = {298},
  pages     = {53--57},
  month     = jul,
  msbib-day = {25},
  publisher = {Elsevier B.V.},
}

@TechReport{Calzolari,
  author = {Calzolari, A. and Ruini, A. and Catellani, A.},
  title  = {Supporting Information for: Anchor group versus conjugation: towards the gap-state engineering of functionalized ZnO(10-10) surface for optoelectronic applications},
}

@Article{Calzolari2011,
  author  = {Calzolari, Arrigo and Ruini, Alice and Alessandra Catellani, ||},
  title   = {Anchor Group versus Conjugation: Toward the Gap-State Engineering of Functionalized ZnO(1010) Surface for Optoelectronic Applications},
  journal = {J. Am. Chem. Soc},
  year    = {2011},
  volume  = {133},
  pages   = {5893--5899},
}

@Article{Vrubel2019,
  author    = {Vrubel, Ivan I. and Pervishko, Anastasiia A. and Yudin, Dmitry and Sanyal, Biplab and Eriksson, Olle and Rodnyi, Piotr A.},
  title     = {Oxygen Vacancy in ZnO-$w$ Phase: Pseudohybrid Hubbard Density Functional Study},
  year      = {2019},
  month     = sep,
  msbib-day = {19},
}

@Article{Lee2008,
  author    = {Lee, Ming Kwei and Tu, Hwai Fu},
  title     = {Enhancement of ultraviolet and visible emissions of ZnO with Zn by thermal treatment},
  journal   = {Japanese Journal of Applied Physics},
  year      = {2008},
  volume    = {47},
  pages     = {980--982},
  month     = feb,
  issue     = {2 PART 1},
  msbib-day = {15},
  publisher = {IOP Publishing},
}

@Article{Ahn2009,
  author    = {Ahn, Cheol Hyoun and Kim, Young Yi and Kim, Dong Chan and Mohanta, Sanjay Kumar and Cho, Hyung Koun},
  title     = {A comparative analysis of deep level emission in ZnO layers deposited by various methods},
  journal   = {Journal of Applied Physics},
  year      = {2009},
  volume    = {105},
  pages     = {013502},
  month     = jan,
  issue     = {1},
  msbib-day = {5},
  publisher = {American Institute of Physics},
}

@Article{Husairi2013,
  author    = {Husairi, F. S. and Azlinda, A. and Rusop, M. and Abdullah, S.},
  title     = {Photoluminescence properties of Zinc Oxide nanostructures on different substrates obtained by an immersion method},
  journal   = {Microelectronic Engineering},
  year      = {2013},
  volume    = {108},
  pages     = {145--149},
  month     = aug,
  msbib-day = {1},
  publisher = {Elsevier B.V.},
}

@Article{Djurisic2004,
  author  = {Djurišić, Aleksandra B. and Choy, Wallace C. H. and Roy, Vellaisamy Arul Lenus and Leung, Yu Hang and Kwong, Chung Yin and Cheah, Kok Wai and Rao, Tumkur Krishnaswamy Gundu and Chan, Wai Kin and Lui, Hsian Fei and Surya, Charles},
  title   = {Photoluminescence and electron paramagnetic resonance of ZnO tetrapod structures},
  journal = {Advanced Functional Materials},
  year    = {2004},
  volume  = {14},
  pages   = {856--864},
  month   = sep,
  issue   = {9},
}
{studenikin-golego-1998-fabrication-of-green-and-orange-photoluminescent,-undoped-zno-films-using-spray-pyrolysis,
  author    = {Studenikin, S. A. and Golego, Nickolay and Cocivera, Michael},
  title     = {Fabrication of green and orange photoluminescent, undoped ZnO films using spray pyrolysis},
  journal   = {Journal of Applied Physics},
  year      = {1998},
  volume    = {84},
  pages     = {2287--2294},
  month     = aug,
  issue     = {4},
  msbib-day = {15},
  publisher = {American Institute of Physics Inc.},
}

@Article{Camarda2016,
  author    = {Camarda, Pietro and Messina, Fabrizio and Vaccaro, Lavinia and Agnello, Simonpietro and Buscarino, Gianpiero and Schneider, Reinhard and Popescu, Radian and Gerthsen, Dagmar and Lorenzi, Roberto and Gelardi, Franco Mario and Cannas, Marco},
  title     = {Luminescence mechanisms of defective ZnO nanoparticles},
  journal   = {Physical Chemistry Chemical Physics},
  year      = {2016},
  volume    = {18},
  pages     = {16237--16244},
  issue     = {24},
  publisher = {Royal Society of Chemistry},
}

@Article{Rodnyi2011,
  author    = {Rodnyi, P. A. and Khodyuk, I. V.},
  title     = {Optical and luminescence properties of zinc oxide (Review)},
  journal   = {Optics and Spectroscopy (English translation of Optika i Spektroskopiya)},
  year      = {2011},
  volume    = {111},
  pages     = {776--785},
  month     = nov,
  issue     = {5},
  msbib-day = {2},
  publisher = {Springer},
}

@Article{Liu1992,
  author  = {Liu, M. and Kitai, A. H. and Mascher, P.},
  title   = {Point defects and luminescence centres in zinc oxide and zinc oxide doped with manganese},
  journal = {Journal of Luminescence},
  year    = {1992},
  volume  = {54},
  pages   = {35--42},
  issue   = {1},
}

@Article{Masoumi2018,
  author    = {Masoumi, Saeed and Nadimi, Ebrahim and Hossein-Babaei, Faramarz},
  title     = {Electronic properties of Ag-doped ZnO: DFT hybrid functional study},
  journal   = {Physical Chemistry Chemical Physics},
  year      = {2018},
  volume    = {20},
  pages     = {14688--14693},
  month     = may,
  issue     = {21},
  msbib-day = {30},
  publisher = {Royal Society of Chemistry},
}

@InProceedings{Kim2011,
  author       = {Kim, M. S. and Kim, Yong Sung and Park, C. H.},
  title        = {GW calculation of O-vacancy and interactions between native point defects in O-deficient ZnO},
  year         = {2011},
  volume       = {11},
  pages        = {S288-S291},
  organization = {Current Applied Physics},
  publisher    = {North-Holland},
}

@Article{Yufei2010,
  author  = {Yufei, Zhang and Zhiyou, Guo and Xiaoqi, Gao and Dongxing, Cao and Yunxiao, Dai and Hongtao, Zhao},
  title   = {First-principles of wurtzite ZnO (0001) and (0001) surface structures},
  journal = {Journal of Semiconductors},
  year    = {2010},
  volume  = {31},
  month   = aug,
  issue   = {8},
}

@Article{Xu2001,
  author    = {Xu, Peng Shou and Sun, Yu Ming and Shi, Chao Shu and Xu, Fa Qiang and Pan, Hai Bin},
  title     = {Native point defect states in ZnO},
  journal   = {Chinese Physics Letters},
  year      = {2001},
  volume    = {18},
  pages     = {1252--1253},
  month     = sep,
  issue     = {9},
  publisher = {IOP Publishing},
}

@Article{Oba2010,
  author    = {Oba, Fumiyasu and Choi, Minseok and Togo, Atsushi and Seko, Atsuto and Tanaka, Isao},
  title     = {Native defects in oxide semiconductors: a density functional approach},
  journal   = {Journal of Physics: Condensed Matter},
  year      = {2010},
  volume    = {22},
  pages     = {384211},
  month     = sep,
  issue     = {38},
  msbib-day = {29},
}

@Article{Sun2012,
  author  = {Sun, Xu and Gu, You Song and Wang, Xue Qiang and Zhang, Yue},
  title   = {Defects energetics and electronic properties of Li doped ZnO: A hybrid hartree-fock and density functional study},
  journal = {Chinese Journal of Chemical Physics},
  year    = {2012},
  volume  = {25},
  pages   = {261--268},
  month   = jun,
  issue   = {3},
}

@Misc{Oba2011a,
  author = {Oba, Fumiyasu and Choi, Minseok and Togo, Atsushi and Tanaka, Isao},
  title  = {Point defects in ZnO: An approach from first principles},
  month  = jun,
  year   = {2011},
  issue  = {3},
  volume = {12},
}

@Article{Zhao2006,
  author    = {Zhao, Jun Liang and Zhang, Wenqing and Li, Xiao Min and Feng, Ji Wei and Shi, Xun},
  title     = {Convergence of the formation energies of intrinsic point defects in wurtzite ZnO: First-principles study by projector augmented wave method},
  journal   = {Journal of Physics Condensed Matter},
  year      = {2006},
  volume    = {18},
  pages     = {1495--1508},
  month     = feb,
  issue     = {5},
  msbib-day = {8},
}

@Article{Zuo2012,
  author  = {Zuo, Chunying and Wen, Jing and Zhong, Cheng},
  title   = {First-principles study of the electronic structures and optical properties of C-F-Be doped wurtzite ZnO},
  journal = {Journal of Semiconductors},
  year    = {2012},
  volume  = {33},
  month   = jul,
  issue   = {7},
}

@Article{Prucnal2017,
  author    = {Prucnal, S. and Wu, Jiada and Berencén, Y. and Liedke, M. O. and Wagner, A. and Liu, F. and Wang, M. and Rebohle, L. and Zhou, S. and Cai, Hua and Skorupa, W.},
  title     = {Engineering of optical and electrical properties of ZnO by non-equilibrium thermal processing: The role of zinc interstitials and zinc vacancies},
  journal   = {Journal of Applied Physics},
  year      = {2017},
  volume    = {122},
  pages     = {035303},
  month     = jul,
  issue     = {3},
  msbib-day = {21},
  publisher = {American Institute of Physics Inc.},
}

@Article{Wu2015,
  author  = {Wu, Jun and Hu, Ji and Shao, Lihuan and Xu, Junming and Song, Kaixin and Zheng, Peng},
  title   = {First-principle investigation of K-N dual-acceptor codoping for p-ZnO},
  journal = {Materials Science in Semiconductor Processing},
  year    = {2015},
}

@Article{Erhart2005,
  author    = {Erhart, Paul and Klein, Andreas and Albe, Karsten},
  title     = {First-principles study of the structure and stability of oxygen defects in zinc oxide},
  journal   = {Physical Review B - Condensed Matter and Materials Physics},
  year      = {2005},
  volume    = {72},
  pages     = {085213},
  month     = aug,
  issue     = {8},
  msbib-day = {15},
  publisher = {American Physical Society},
}
{erhart-albe-2006-first-principles-study-of-intrinsic-point-defects-in-zno:-role-of-band-structure,-volume-relaxation,-and-finite-size-effects,
  author    = {Erhart, Paul and Albe, Karsten and Klein, Andreas},
  title     = {First-principles study of intrinsic point defects in ZnO: Role of band structure, volume relaxation, and finite-size effects},
  journal   = {Physical Review B - Condensed Matter and Materials Physics},
  year      = {2006},
  volume    = {73},
  pages     = {205203},
  month     = may,
  issue     = {20},
  msbib-day = {15},
  publisher = {American Physical Society},
}

@Article{Ahangari2019b,
  author       = {Ahangari, M. Ghorbanzadeh and Mashhadzadeh, A. Hamed and Fathalian, M. and Dadrasi, A. and Rostamiyan, Y. and Mallahi, A.},
  title        = {Effect of various defects on mechanical and electronic properties of zinc-oxide graphene-like structure: A DFT study},
  date         = {2019},
  journaltitle = {Vacuum},
}

@Misc{Oba2011,
  author = {Oba, Fumiyasu and Choi, Minseok and Togo, Atsushi and Tanaka, Isao},
  title  = {Point defects in ZnO: An approach from first principles},
  month  = jun,
  year   = {2011},
  issue  = {3},
  volume = {12},
}

@Article{Wang2015,
  author  = {Wang, Ping and He, Jingfang and Guo, Lixin and Yang, Yintang and Zheng, Shukai},
  title   = {The electronic structures and optical properties of yttrium-doped zinc oxide with zinc interstitial defects calculated by first-principles},
  journal = {Materials Science in Semiconductor Processing},
  year    = {2015},
}

@Article{Janotti2007,
  author    = {Janotti, Anderson and Walle, Chris G. Van De},
  title     = {Native point defects in ZnO},
  journal   = {Physical Review B - Condensed Matter and Materials Physics},
  year      = {2007},
  volume    = {76},
  month     = oct,
  issue     = {16},
  msbib-day = {4},
}

@Article{Thomas1957,
  author  = {Thomas, D. G.},
  title   = {Interstitial zinc in zinc oxide},
  journal = {Journal of Physics and Chemistry of Solids},
  year    = {1957},
  volume  = {3},
  pages   = {229--237},
  issue   = {3-4},
}

@Article{Secco1957,
  author  = {Secco, Etalo A. and Moore, Walter J.},
  title   = {Diffusion and exchange of zinc in crystalline zinc oxide},
  journal = {The Journal of Chemical Physics},
  year    = {1957},
  volume  = {26},
  pages   = {942--948},
  issue   = {4},
}

@Article{Moore1959,
  author  = {Moore, W. J. and Williams, E. L.},
  title   = {II. Diffusion of zinc and oxygen in zinc oxide},
  journal = {Discussions of the Faraday Society},
  year    = {1959},
  volume  = {28},
  pages   = {86--93},
}

@Article{Erhart2006,
  author    = {Erhart, Paul and Albe, Karsten},
  title     = {Diffusion of zinc vacancies and interstitials in zinc oxide},
  journal   = {Applied Physics Letters},
  year      = {2006},
  volume    = {88},
  month     = may,
  issue     = {20},
  msbib-day = {15},
}

@Article{Huang2009,
  author  = {Huang, Gui Yang and Wang, Chong Yu and Wang, Jian Tao},
  title   = {First-principles study of diffusion of zinc vacancies and interstitials in ZnO},
  journal = {Solid State Communications},
  year    = {2009},
}

@Article{Meyer2004a,
  author    = {Meyer, Bruno K. and Alves, H. and Hofmann, D. M. and Kriegseis, W. and Forster, D. and Bertram, F. and Christen, J. and Hoffmann, A. and Straßburg, M. and Dworzak, M. and Haboeck, U. and Rodina, A. V.},
  title     = {Bound exciton and donor-acceptor pair recombinations in ZnO},
  journal   = {Physica Status Solidi (B) Basic Research},
  year      = {2004},
  volume    = {241},
  pages     = {231--260},
  month     = feb,
  issue     = {2},
  msbib-day = {1},
  publisher = {John Wiley \& Sons, Ltd},
}

@Article{Raji2017a,
  author    = {Raji, R. and Gopchandran, K. G.},
  title     = {ZnO nanostructures with tunable visible luminescence: Effects of kinetics of chemical reduction and annealing},
  journal   = {Journal of Science: Advanced Materials and Devices},
  year      = {2017},
  volume    = {2},
  pages     = {51--58},
  month     = mar,
  issue     = {1},
  msbib-day = {1},
  publisher = {Elsevier B.V.},
}

@Article{Ahangari2019a,
  author    = {Ahangari, M. Ghorbanzadeh and Mashhadzadeh, A. Hamed and Fathalian, M. and Dadrasi, A. and Rostamiyan, Y. and Mallahi, A.},
  title     = {Effect of various defects on mechanical and electronic properties of zinc-oxide graphene-like structure: A DFT study},
  journal   = {Vacuum},
  year      = {2019},
  volume    = {165},
  pages     = {26--34},
  month     = jul,
  msbib-day = {1},
  publisher = {Elsevier Ltd},
}
