% Encoding: UTF-8

@Article{Enkovaara2010,
  author    = {J Enkovaara and C Rostgaard and J J Mortensen and J Chen and M Du{\l}ak and L Ferrighi and J Gavnholt and C Glinsvad and V Haikola and H A Hansen and H H Kristoffersen and M Kuisma and A H Larsen and L Lehtovaara and M Ljungberg and O Lopez-Acevedo and P G Moses and J Ojanen and T Olsen and V Petzold and N A Romero and J Stausholm-M{\o}ller and M Strange and G A Tritsaris and M Vanin and M Walter and B Hammer and H HÃ¤kkinen and G K H Madsen and R M Nieminen and J K N{\o}rskov and M Puska and T T Rantala and J Schi{\o}tz and K S Thygesen and K W Jacobsen},
  title     = {Electronic structure calculations with {GPAW}: a real-space implementation of the projector augmented-wave method},
  journal   = {Journal of Physics: Condensed Matter},
  year      = {2010},
  volume    = {22},
  number    = {25},
  pages     = {253202},
  month     = {jun},
  doi       = {10.1088/0953-8984/22/25/253202},
  publisher = {{IOP} Publishing},
}

@Book{Ashcroft1976,
  title     = {Solid State Physics},
  publisher = {Cengage Learning, Inc},
  year      = {1976},
  author    = {Neil W. Ashcroft, N. Mermin},
  isbn      = {0030839939},
  date      = {1976-01-02},
  ean       = {9780030839931},
  pagetotal = {848},
}

@Book{Kittel2004,
  title     = {Introduction to Solid State Physics},
  publisher = {John Wiley \& Sons Inc},
  year      = {2004},
  author    = {Kittel, Charles},
  isbn      = {047141526X},
  date      = {2004-10-28},
  ean       = {9780471415268},
  pagetotal = {704},
}

@Article{Herman1959,
  author    = {Frank Herman},
  title     = {Lattice vibrational spectrum of germanium},
  journal   = {Journal of Physics and Chemistry of Solids},
  year      = {1959},
  volume    = {8},
  pages     = {405--418},
  month     = {jan},
  doi       = {10.1016/0022-3697(59)90376-2},
  publisher = {Elsevier {BV}},
}

@Comment{jabref-meta: databaseType:bibtex;}
